@article{smartphone,
  title={Using deep learning for image-based plant disease detection},
  author={Mohanty, Sharada P and Hughes, David P and Salath{\'e}, Marcel},
  journal={Frontiers in Plant Science},
  volume={7},
  pages={1419},
  year={2016},
  publisher={Frontiers}
} % smartphone image based disease detection
